<?xml version="1.0" encoding="UTF-8"?><record xmlns="http://www.loc.gov/MARC21/slim" xmlns:cinclude="http://apache.org/cocoon/include/1.0" xmlns:zs="http://www.loc.gov/zing/srw/">
  <leader>00588cz  a2200145n  4500</leader>
  <controlfield tag="001">n  81025765 </controlfield>
  <controlfield tag="003">DLC</controlfield>
  <controlfield tag="005">19951013152306.7</controlfield>
  <controlfield tag="008">810326n| acannaab|          |a ana |||  </controlfield>
  <datafield tag="010" ind1=" " ind2=" ">
    <subfield code="a">n  81025765 </subfield>
  </datafield>
  <datafield tag="040" ind1=" " ind2=" ">
    <subfield code="a">DLC</subfield>
    <subfield code="c">DLC</subfield>
    <subfield code="d">DLC</subfield>
  </datafield>
  <datafield tag="110" ind1="2" ind2="0">
    <subfield code="a">International Association of Drilling Contractors</subfield>
  </datafield>
  <datafield tag="410" ind1="2" ind2="0">
    <subfield code="a">IADC</subfield>
  </datafield>
  <datafield tag="670" ind1=" " ind2=" ">
    <subfield code="a">Baker, R. A primer of oil-well drilling, 1980 (a.e.)</subfield>
    <subfield code="b">t.p. (International Association of Drilling Contractors, Houston, Tex.)</subfield>
  </datafield>
  <datafield tag="670" ind1=" " ind2=" ">
    <subfield code="a">Rotary, kelly, swivel, tongs, and top drive, 1995:</subfield>
    <subfield code="b">CIP t.p. (International Association of Drilling Contractors, Houston, Texas; IADC)</subfield>
  </datafield>
</record>